%%% AAAAA %%%

@ARTICLE{AGUILAR2010,
	AUTHOR       = "I. Aguilar and I. Misztal and D. L. Johnson and {et al.}",
	TITLE        = "Hot topic: A unified approach to utilize phenotypic, full pedigree, and genomic information for genetic evaluation of Holstein final score",
	JOURNAL      = "Journal of Dairy Science",
	YEAR         = "2010",
	VOLUME       = "93",
	NUMBER       = "2",
	PAGES        = "743-752",
	MONTH        = "Novembro",
	NOTE         = ""
}

@ARTICLE{ANDREASSEN2010,
	AUTHOR       = "Rune Andreassen and Sigbjørn Lunner and Bjørn Høyheim and {et al.} ",
	TITLE        = "Targeted SNP discovery in Atlantic salmon ({\it Salmo salar}) genes using a 3\'{}{UTR}-primed SNP detection approach",
	JOURNAL      = "BMC Genomics",
	YEAR         = "2010",
	VOLUME       = "11",
	NUMBER       = "706",
	PAGES        = "1-10",
	MONTH        = "Dezembro",
	NOTE         = ""
}

%%% BBBBB %%%

%%% CCCCC %%%
@ARTICLE{CHRISTENSEN2010,
	AUTHOR       = "Ole F Christensen and Mogens S Lund",
	TITLE        = "Genomic prediction when some animals are not genotyped",
	JOURNAL      = "Genetics Selection Evolution",
	YEAR         = "2010",
	VOLUME       = "42",
	NUMBER       = "2",
	PAGES        = "1-8",
	MONTH        = "",
	NOTE         = "http://www.gsejournal.org/content/42/1/2"
}

%%% DDDDD %%%

%%% EEEEE %%%

%%% FFFFF %%%

@ARTICLE{FORNI2011,
	AUTHOR       = "Selma Forni and Ignacio Aguilar and Ignacy Misztal and {et al.}",
	TITLE        = "Different genomic relationship matrices for single-step analysis using phenotypic, pedigree and genomic information",
	JOURNAL      = "Genetics Selection Evolution",
	YEAR         = "2011",
	VOLUME       = "43",
	NUMBER       = "1",
	PAGES        = "1-7",
	MONTH        = "",
	NOTE         = "http://www.gsejournal.org/content/43/1/1"
}

%%% GGGGG %%%

@ARTICLE{GIANOLA2008,
	AUTHOR       = "Daniel Gianola and Johannes B. C. H. M. van Kaam",
	TITLE        = "Reproducing Kernel Hilbert Spaces Regression Methods for Genomic Assisted Prediction of Quantitative Traits",
	JOURNAL      = "Genetics",
	YEAR         = "2008",
	VOLUME       = "178",
	NUMBER       = "",
	PAGES        = "2289–2303",
	MONTH        = "Abril",
	NOTE         = ""
}

@ARTICLE{GIANOLA2009,
	AUTHOR       = "Daniel Gianola and Gustavo de los Campos and William G. Hill and {et al.}",
	TITLE        = "Additive Genetic Variability and the Bayesian Alphabet",
	JOURNAL      = "Genetics",
	YEAR         = "2009",
	VOLUME       = "183",
	NUMBER       = "",
	PAGES        = "347-363",
	MONTH        = "Setembro",
	NOTE         = ""
}

@ARTICLE{GIANOLA2010,
	AUTHOR       = "Daniel Gianola and HENNER SIMIANER and SABER QANBARI and {et al.}",
	TITLE        = "A two-step method for detecting selection signatures using genetic markers",
	JOURNAL      = "Genetics Research",
	YEAR         = "2010",
	VOLUME       = "92",
	NUMBER       = "",
	PAGES        = "141-155",
	MONTH        = "Março",
	NOTE         = ""
}

%%% HHHHH %%%

@ARTICLE{HEYES2010,
	AUTHOR       = "Ben J. Heyes and Jennie Pryce and Amanda J. Chamberlain and {et al.}",
	TITLE        = "Genetic Architecture of Complex Traits and Accuracy of Genomic Prediction: Coat Colour, Milk-Fat Percentage, and Type in Holstein Cattle as Contrasting Model Traits",
	JOURNAL      = "PLoS Genetics",
	YEAR         = "2010",
	VOLUME       = "6",
	NUMBER       = "9",
	PAGES        = "1-11",
	MONTH        = "Setembro",
	NOTE         = ""
}

%%% IIIII %%%

@MISC{illumina,
	AUTHOR       = "{Illumina Inc., San Diego, CA}",
	TITLE        = "Illumina Inc.",
	HOWPUBLISHED = "http://www.illumina.com/",
	MONTH        = "Agosto",
	YEAR         = "2011",
	NOTE         = ""
}

%%% JJJJJ %%%

%%% KKKKK %%%

@ARTICLE{KANG2010,
	AUTHOR       = "Hyun Min Kang and Jae Hoon Sul and Susan K. Service and Noah A Zaitlen and {et al.}",
	TITLE        = "Variance component model to account for sample structure in genome-wide association studies",
	JOURNAL      = "Nature Genetics",
	YEAR         = "2010",
	VOLUME       = "42",
	NUMBER       = "4",
	PAGES        = "348-356",
	MONTH        = "Março",
	NOTE         = ""
}


%%% LLLLL %%%

@ARTICLE{LEGARRA2009,
	AUTHOR       = "A. Legarra and I. Aguilar and I. Misztal and {et al.}",
	TITLE        = "A relationship matrix including full pedigree and genomic information",
	JOURNAL      = "Journal of Dairy Science",
	YEAR         = "2009",
	VOLUME       = "92",
	NUMBER       = "9",
	PAGES        = "4656-4663",
	MONTH        = "Abril",
	NOTE         = ""
}

@BOOK{LOPES2005,
	AUTHOR       = "Paulo Sávio Lopes",
	TITLE        = "Teoria do Melhoramento Animal",
	PUBLISHER    = "FEPMVZ-Editora",
	YEAR         = "2005",
	VOLUME       = "",
	SERIES       = "",
	ADDRESS      = "Belo Horizonte",
	EDITION      = "",
	MONTH        = "",
	NOTE         = ""
}

%%% MMMMM %%%

@ARTICLE{MALHADO2008,
	AUTHOR       = "Carlos Henrique Mendes Malhado and Alcides de Amorim Ramos and Paulo Luiz Souza Carneiro and Danielle Maria Machado Ribeiro Azevedo and Raimundo Martins Filho and Julio César de Souza",
	TITLE        = "Melhoramento e estrutura populacional em bubalinos da raça Mediterrâneo no Brasil",
	JOURNAL      = "Pesquisa Agropecuária Brasileira",
	YEAR         = "2008",
	VOLUME       = "43",
	NUMBER       = "2",
	PAGES        = "215-220",
	MONTH        = "Fevereiro",
	NOTE         = ""
}

@ARTICLE{MEUWISSEN1992,
	AUTHOR       = "T. H. E. Meuwissen and Z. Luo",
	TITLE        = "Computing inbreeding coefficients in large populations",
	JOURNAL      = "Genetics Selection Evolution",
	YEAR         = "1992",
	VOLUME       = "24",
	NUMBER       = "",
	PAGES        = "305-313",
	MONTH        = "Abril",
	NOTE         = ""
}

@ARTICLE{MEUWISSEN1996,
	AUTHOR       = "T. H. E. Meuwissen and M. E. Goddard",
	TITLE        = "The use of marker haplotypes in animal breeding schemes",
	JOURNAL      = "Genetics Selection Evolution",
	YEAR         = "1996",
	VOLUME       = "28",
	NUMBER       = "",
	PAGES        = "161-176",
	MONTH        = "",
	NOTE         = ""
}

@ARTICLE{MEUWISSEN2001,
	AUTHOR       = "T. H. E. Meuwissen and B. J. Hayes and M. E. Goddard and {et al.}",
	TITLE        = "Prediction of Total Genetic Value Using Genome-Wide Dense Marker Maps",
	JOURNAL      = "Genetics",
	YEAR         = "2001",
	VOLUME       = "157",
	NUMBER       = "",
	PAGES        = "1819-1829",
	MONTH        = "Abril",
	NOTE         = ""
}

@ARTICLE{MIZTAL2009,
	AUTHOR       = "I. Misztal and A. Legarra and I. Aguilar and {et al.}",
	TITLE        = "Computing procedures for genetic evaluation including phenotypic, full pedigree, and genomic information",
	JOURNAL      = "Journal of Dairy Science",
	YEAR         = "2009",
	VOLUME       = "92",
	NUMBER       = "9",
	PAGES        = "4648-4655 ",
	MONTH        = "Abril",
	NOTE         = ""
}

%%% NNNNN %%%

%%% OOOOO %%%

%%% PPPPP %%%

%%% QQQQQ %%%

%%% RRRRR %%%

%%% SSSSS %%%

%%% TTTTT %%%

%%% UUUUU %%%

%%% VVVVV %%%

@ARTICLE{VANRADEN2008,
	AUTHOR       = "P. M. VanRaden",
	TITLE        = "Efficient Methods to Compute Genomic Predictions",
	JOURNAL      = "Journal of Dairy Science",
	YEAR         = "2008",
	VOLUME       = "91",
	NUMBER       = "11",
	PAGES        = "4414 - 4423",
	MONTH        = "Junho",
	NOTE         = ""
}

%%% WWWWW %%%
@ARTICLE{WONG2004,
	AUTHOR       = "Gane Ka Shu Wong and Bin Liu and Jun Wang and {et al.} ",
	TITLE        = "A genetic variation map for chicken with 2.8 million single-nucleotide polymorphisms",
	JOURNAL      = "Nature",
	YEAR         = "2004",
	VOLUME       = "432",
	NUMBER       = "",
	PAGES        = "717-722",
	MONTH        = "dezembro",
	NOTE         = ""
}

%%% XXXXX %%%

%%% YYYYY %%%

%%% ZZZZZ %%%
